@article{ShannonEntropy,
  author = {Claude Elwood Shannon},
  title = {A mathematical theory of communication},
  journal = {Bell System Technical Journal},
  volume = {27},
  pages = {379-423, 623-656},
  year = {1948}}

@article{ScottReefData,
  Author = {IMOS},
  Title = {Scott Reef Lagoon - WA},
  Url = {http://imos.org.au/scottreef.html/},
  Year = {2009}}

@online{Squidle,
  Author = {Ariell Friedman and Stefan Williams and Lachlan Toohey},
  Title = {Squidle},
  Url = {http://squidle.acfr.usyd.edu.au/},
  Year = {2015}}

@article{BayesianOptimisation,
  Author = {Roman Marchant and Fabio Ramos},
  Title = {Bayesian Optimisation for Informative Continuous Path Planning},
  Year = {2014}}

@article{SequentialBayesianOptimisation,
  Author = {Roman Marchant and Fabio Ramos and Scott Sanner},
  Title = {Sequential Bayesian Optimisation for Spatial-Temporal Monitoring},
  Year = {2014}}

@inproceedings{Meliou:2007:NIP:1619645.1619742,
 author = {Meliou, Alexandra and Krause, Andreas and Guestrin, Carlos and Hellerstein, Joseph M.},
 title = {Nonmyopic Informative Path Planning in Spatio-temporal Models},
 booktitle = {Proceedings of the 22Nd National Conference on Artificial Intelligence - Volume 1},
 series = {AAAI'07},
 year = {2007},
 isbn = {978-1-57735-323-2},
 location = {Vancouver, British Columbia, Canada},
 pages = {602--607},
 numpages = {6},
 url = {http://dl.acm.org/citation.cfm?id=1619645.1619742},
 acmid = {1619742},
 publisher = {AAAI Press},
} 

@book{GaussianProcessForMachineLearning,
	Author = {C. E. Rasmussen and C. K. I. Williams},
	Title = {Gaussian Process for Machine Learning},
	Url = {http://www.GaussianProcess.org/gpml},
	Year = {2006}}